@Misc{algo_gen,
  author =       {},
  title =        {Algorithme génétique - Définition et Explications},
  howpublished = {https://www.techno-science.net/glossaire-definition/Algorithme-genetique.html},
  year =         {Consulté le 07 février 2022},
}

@Misc{algo_gen2,
  author =       {Alban},
  title =        {Algorithme Génétique},
  howpublished = {https://ledatascientist.com/algorithme-genetique/},
  year =         {Consulté le 07 février 2022},
}

@Misc{onemax,
  author =       {},
  title =        {The OneMax Problem},
  howpublished = {https://tracer.lcc.uma.es/problems/onemax/onemax.html},
  year =         {Consulté le 06 février 2022},
}




@Book{BW2008,
author = {P. Atelin},
title = {Wi-Fi - Réseaux sans fil 802.11 : Technologie - Déploiement - Sécurisation},
publisher = {Editions ENI},
year = {2008},
edition = {2}
}

@inproceedings{bharadia2013,
  title={Full duplex radios},
  author={B. Dinesh and M. Emily and K. Sachin},
  booktitle={ACM SIGCOMM Computer Communication Review},
  volume={43},
  number={4},
  pages={375--386},
  year={2013},
  organization={ACM}
}

@book{Goldsmith2005,
  title={Wireless communications},
  author={G. Andrea},
  year={2005},
  publisher={Cambridge university press}
}

@article{duarte2012,
  title={Experiment-driven characterization of full-duplex wireless systems},
  author={D. Melissa and D. Chris and S. Ashutosh},
  journal={IEEE Transactions on Wireless Communications},
  volume={11},
  number={12},
  pages={4296-4307},
  year={2012},
  publisher={IEEE}
}
